@inproceedings{nguyen2017sarah,
  title={SARAH: A novel method for machine learning problems using stochastic recursive gradient},
  author={Nguyen, Lam M and Liu, Jie and Scheinberg, Katya and Tak{\'a}{\v{c}}, Martin},
  booktitle={International conference on machine learning},
  pages={2613--2621},
  year={2017},
  organization={PMLR}
}

@article{beznosikov2023random,
  title={Random-reshuffled SARAH does not need full gradient computations},
  author={Beznosikov, Aleksandr and Tak{\'a}{\v{c}}, Martin},
  journal={Optimization Letters},
  pages={1--23},
  year={2023},
  publisher={Springer}
}