

@article{srivastava2014dropout,
  title={Dropout: a simple way to prevent neural networks from overfitting},
  author={Srivastava, Nitish and Hinton, Geoffrey and Krizhevsky, Alex and Sutskever, Ilya and Salakhutdinov, Ruslan},
  journal={The journal of machine learning research},
  volume={15},
  number={1},
  pages={1929--1958},
  year={2014},
  publisher={JMLR. org}
}

@inproceedings{keshari2019guided,
  title={Guided dropout},
  author={Keshari, Rohit and Singh, Richa and Vatsa, Mayank},
  booktitle={Proceedings of the AAAI Conference on Artificial Intelligence},
  volume={33},
  number={01},
  pages={4065--4072},
  year={2019}
} 

@inproceedings{wan2013regularization,
  title={Regularization of neural networks using dropconnect},
  author={Wan, Li and Zeiler, Matthew and Zhang, Sixin and Le Cun, Yann and Fergus, Rob},
  booktitle={International conference on machine learning},
  pages={1058--1066},
  year={2013},
  organization={PMLR}
}

@article{gal2017concrete,
  title={Concrete dropout},
  author={Gal, Yarin and Hron, Jiri and Kendall, Alex},
  journal={Advances in neural information processing systems},
  volume={30},
  year={2017}
}